@article{ShenkerBlackHolesButterfly2014,
	doi = {10.1007/jhep03(2014)067},
	url = {https://doi.org/10.1007%2Fjhep03%282014%29067},
	year = {2014},
	publisher = {Springer Science and Business Media {LLC}
},
	author = {Stephen H. Shenker and Douglas Stanford},
	title = {Black holes and the butterfly effect},
	journal = {Journal of High Energy Physics},
}