@FOOTNOTE{Note1,key="Note1",note="I will call Unitary operators, Unitaries to be in line with literature and for the sake of word count"}
