@FOOTNOTE{Note1,key="Note1",note="Any linear map between two finite dimensional vector spaces, in this case finite dimensional Hilbert spaces, may be represented as a matrix. "}
@FOOTNOTE{Note2,key="Note2",note="A more quantitative explanation may come in the form of a combinatorial argument on the given configurations of state vectors or density matrices, but this lies outside the time-scale of this project."}
