@FOOTNOTE{Note1,key="Note1",note="Any linear map between two finite dimensional vector spaces, in this case finite dimensional Hilbert spaces, may be represented as a matrix. "}
