@article{Page_1993,
  doi       = {10.1103/physrevlett.71.1291},
  url       = {https://doi.org/10.1103%2Fphysrevlett.71.1291},
  year      = 1993,
  month     = {aug},
  publisher = {American Physical Society ({APS})},
  volume    = {71},
  number    = {9},
  pages     = {1291--1294},
  author    = {Don N. Page},
  title     = {Average entropy of a subsystem},
  journal   = {Physical Review Letters}
}
@article{Nahum_2017,
  doi       = {10.1103/physrevx.7.031016},
  url       = {https://doi.org/10.1103%2Fphysrevx.7.031016},
  year      = 2017,
  month     = {jul},
  publisher = {American Physical Society ({APS})},
  volume    = {7},
  number    = {3},
  author    = {Adam Nahum and Jonathan Ruhman and Sagar Vijay and Jeongwan Haah},
  title     = {Quantum Entanglement Growth under Random Unitary Dynamics},
  journal   = {Physical Review X}
}
@article{Terhal_2002,
  doi       = {10.1103/physreva.65.032325},
  url       = {https://doi.org/10.1103%2Fphysreva.65.032325},
  year      = 2002,
  month     = {mar},
  publisher = {American Physical Society ({APS})},
  volume    = {65},
  number    = {3},
  author    = {Barbara M. Terhal and David P. DiVincenzo},
  title     = {Classical simulation of noninteracting-fermion quantum circuits},
  journal   = {Physical Review A}
}

@misc{dias2021diffusive,
  title         = {Diffusive Operator Spreading for Random Unitary Free Fermion Circuits},
  author        = {Beatriz C. Dias and Masudul Haque and Pedro Ribeiro and Paul McClarty},
  year          = {2021},
  eprint        = {2102.09846},
  archiveprefix = {arXiv},
  primaryclass  = {cond-mat.str-el}
}
@article{Blake_2020,
  doi       = {10.1103/physrevlett.125.030502},
  url       = {https://doi.org/10.1103%2Fphysrevlett.125.030502},
  year      = 2020,
  month     = {jul},
  publisher = {Amearican Physical Society ({APS})},
  volume    = {125},
  number    = {3},
  author    = {Mike Blake and Noah Linden},
  title     = {Quantum Circuits with Classically Simulable Operator Scrambling},
  journal   = {Physical Review Letters}
}